<?xml version="1.0"?>
<marc:collection xmlns:marc="http://www.loc.gov/MARC21/slim" xmlns:xsi="http://www.w3.org/2001/XMLSchema-instance" xsi:schemaLocation="http://www.loc.gov/MARC21/slim http://www.loc.gov/standards/marcxml/schema/MARC21slim.xsd">
   <marc:record type="Bibliographic">
      <marc:leader>00988cam a2200253 a 4500</marc:leader>
      <marc:controlfield tag="001">3429954</marc:controlfield>
      <marc:controlfield tag="003">NjP</marc:controlfield>
      <marc:controlfield tag="005">20150226144635.0</marc:controlfield>
      <marc:controlfield tag="008">010328s1938    ua            000 0 ara d</marc:controlfield>
      <marc:datafield tag="024" ind1="7" ind2=" ">
         <marc:subfield code="a">princeton_aco000122</marc:subfield>
         <marc:subfield code="2">local</marc:subfield>
      </marc:datafield>
      <marc:datafield tag="035" ind1=" " ind2=" ">
         <marc:subfield code="a">(OCoLC)49374746</marc:subfield>
      </marc:datafield>
      <marc:datafield tag="035" ind1=" " ind2=" ">
         <marc:subfield code="a">(CStRLIN)EGAG01-B1839</marc:subfield>
      </marc:datafield>
      <marc:datafield tag="040" ind1=" " ind2=" ">
         <marc:subfield code="a">CU-SB</marc:subfield>
         <marc:subfield code="c">CU-SB</marc:subfield>
         <marc:subfield code="d">UaCaAUL</marc:subfield>
         <marc:subfield code="d">NjP</marc:subfield>
      </marc:datafield>
      <marc:datafield tag="066" ind1=" " ind2=" ">
         <marc:subfield code="c">(3</marc:subfield>
      </marc:datafield>
      <marc:datafield tag="090" ind1=" " ind2=" ">
         <marc:subfield code="a">PJ7750</marc:subfield>
         <marc:subfield code="b">.M8 1938</marc:subfield>
      </marc:datafield>
      <marc:datafield tag="100" ind1="1" ind2=" ">
         <marc:subfield code="a">Barqu&#x304;qi&#x304;, &#x2BB;Abd al-Rah&#x323;ma&#x304;n,</marc:subfield>
         <marc:subfield code="d">1875-1944.</marc:subfield>
      </marc:datafield>
      <marc:datafield tag="245" ind1="1" ind2="0">
         <marc:subfield code="a">Sharh&#x323; Di&#x304;wa&#x304;n al-Mutanabbi&#x304; /</marc:subfield>
         <marc:subfield code="c">wad&#x323;a&#x2BB;ahu &#x2BB;Abd al-Rah&#x323;ma&#x304;n al-Barqu&#x304;qi&#x304;.</marc:subfield>
      </marc:datafield>
      <marc:datafield tag="250" ind1=" " ind2=" ">
         <marc:subfield code="a">al-T&#x323;ab&#x2BB;ah 2.</marc:subfield>
      </marc:datafield>
      <marc:datafield tag="260" ind1=" " ind2=" ">
         <marc:subfield code="a">Mis&#x323;r :</marc:subfield>
         <marc:subfield code="b">Yut&#x323;labu min al-Maktabah al-Tija&#x304;ri&#x304;yah al-Kubra&#x301;,</marc:subfield>
         <marc:subfield code="c">[1938].</marc:subfield>
      </marc:datafield>
      <marc:datafield tag="300" ind1=" " ind2=" ">
         <marc:subfield code="a">4 v. ;</marc:subfield>
         <marc:subfield code="c">25 cm.</marc:subfield>
      </marc:datafield>
      <marc:datafield tag="500" ind1=" " ind2=" ">
         <marc:subfield code="a">Preface dated: 1938.</marc:subfield>
      </marc:datafield>
      <marc:datafield tag="600" ind1="1" ind2="0">
         <marc:subfield code="a">Mutanabbi&#x304;, Abu&#x304; al-T&#x323;ayyib Ah&#x323;mad ibn al-H&#x323;usayn,</marc:subfield>
         <marc:subfield code="d">915 or 916-965.</marc:subfield>
         <marc:subfield code="t">Poems.</marc:subfield>
      </marc:datafield>
      <marc:datafield tag="700" ind1="1" ind2="2">
         <marc:subfield code="a">Mutanabbi&#x304;, Abu&#x304; al-T&#x323;ayyib Ah&#x323;mad ibn al-H&#x323;usayn,</marc:subfield>
         <marc:subfield code="d">915 or 916-965.</marc:subfield>
         <marc:subfield code="t">Poems</marc:subfield>
         <marc:subfield code="f">1938.</marc:subfield>
      </marc:datafield>
      <marc:datafield tag="852" ind1="0" ind2=" ">
         <marc:subfield code="b">nec</marc:subfield>
         <marc:subfield code="h">PJ7750</marc:subfield>
         <marc:subfield code="i">.M8 1938</marc:subfield>
         <marc:subfield code="p">3756583</marc:subfield>
         <marc:subfield code="x">reclassed from: 2272.695.1938</marc:subfield>
      </marc:datafield>
      <marc:datafield tag="998" ind1=" " ind2=" ">
         <marc:subfield code="s">9114</marc:subfield>
      </marc:datafield>
      <marc:datafield tag="902" ind1=" " ind2=" ">
         <marc:subfield code="a">kc</marc:subfield>
         <marc:subfield code="b">r</marc:subfield>
         <marc:subfield code="6">a</marc:subfield>
         <marc:subfield code="7">m</marc:subfield>
         <marc:subfield code="d">v</marc:subfield>
         <marc:subfield code="f">0</marc:subfield>
         <marc:subfield code="e">20011001</marc:subfield>
      </marc:datafield>
   </marc:record>
</marc:collection>
